@inproceedings{netvm,
  title={NetVM: High performance and flexible networking using virtualization on commodity platforms},
  author={Hwang, Jinho and Ramakrishnan, K K\_ and Wood, Timothy},
  booktitle={IEEE Transactions on Network and Service Management},
  volume={12},
  number={1},
  pages={34--47},
  year={2015},
  publisher={IEEE}
}

@inproceedings{C11bnt,
  title={{Better never than late: Meeting deadlines in datacenter networks}},
  author={Wilson, Christo and Ballani, Hitesh and Karagiannis, Thomas and Rowtron, Ant},
  booktitle={ACM SIGCOMM Computer Communication Review},
  volume={41},
  number={4},
  pages={50--61},
  year={2011},
  organization={ACM}
}


@inproceedings{B11tpd,
  title={Towards predictable datacenter networks},
  author={Ballani, Hitesh and Costa, Paolo and Karagiannis, Thomas and Rowstron, Ant},
  booktitle={ACM SIGCOMM Computer Communication Review},
  volume={41},
  number={4},
  pages={242--253},
  year={2011},
  organization={ACM}
}

@inproceedings{B13cta,
  title={Chatty tenants and the cloud network sharing problem},
  author={Ballani, Hitesh and Jang, Keon and Karagiannis, Thomas and Kim, Changhoon and Gunawardena, Dinan and O'Shea, Greg},
  booktitle={Proceedings of the USENIX NSDI},
  pages={171--184},
  year={2013},
  organization={USENIX Association}
}

@inproceedings{P13acs,
  title={{Ananta: Cloud scale load balancing}},
  author={Patel, Parveen and Bansal, Deepak and Yuan, Lihua and Murthy, Ashwin and Greenberg, Albert and Maltz, David A and Kern, Randy and Kumar, Hemant and Zikos, Marios and Wu, Hongyu and others},
  booktitle={ACM SIGCOMM Computer Communication Review},
  volume={43},
  number={4},
  pages={207--218},
  year={2013},
  organization={ACM}
}

@inproceedings{D12tpp,
  title={Toward predictable performance in software packet-processing platforms},
  author={Dobrescu, Mihai and Argyraki, Katerina and Ratnasamy, Sylvia},
  booktitle={Proceedings of the USENIX NSDI},
  pages={11--11},
  year={2012},
  organization={USENIX Association}
}

@inproceedings{S12dai,
  title={Design and implementation of a consolidated middlebox architecture},
  author={Sekar, Vyas and Egi, Norbert and Ratnasamy, Sylvia and Reiter, Michael K and Shi, Guangyu},
  booktitle={Proceedings of the USENIX NSDI},
  pages={24--24},
  year={2012},
  organization={USENIX Association}
}

@inproceedings{P12fst,
  title={FairCloud: Sharing the network in cloud computing},
  author={Popa, Lucian and Kumar, Gautam and Chowdhury, Mosharaf and Krishnamurthy, Arvind and Ratnasamy, Sylvia and Stoica, Ion},
  booktitle={Proceedings of the ACM SIGCOMM},
  pages={187--198},
  year={2012},
  organization={ACM}
}

@inproceedings{C12can,
  title={Coflow: A networking abstraction for cluster applications},
  author={Chowdhury, Mosharaf and Stoica, Ion},
  booktitle={Proceedings of the 11th ACM Workshop on Hot Topics in Networks},
  pages={31--36},
  year={2012},
  organization={ACM}
}
@inproceedings{G10sad,
  title={Secondnet: A data center network virtualization architecture with bandwidth guarantees},
  author={Guo, Chuanxiong and Lu, Guohan and Wang, Helen J and Yang, Shuang and Kong, Chao and Sun, Peng and Wu, Wenfei and Zhang, Yongguang},
  booktitle={Proceedings of CoNEXT},
  pages={15},
  year={2010},
  organization={ACM}
}

@inproceedings{R11gsb,
  title={{Gatekeeper: Supporting bandwidth guarantees for multi-tenant datacenter networks}},
  author={Rodrigues, Henrique and Santos, Jose Renato and Turner, Yoshio and Soares, Paolo and Guedes, Dorgival},
  booktitle={Proceedings of the 3rd conference on I/O virtualization},
  pages={6--6},
  year={2011},
  organization={USENIX Association}
}

@inproceedings{packing,
  title={On multi-dimensional packing problems},
  author={Chekuri, Chandra and Khanna, Sanjeev},
  booktitle={Proceedings of the tenth annual ACM-SIAM symposium on Discrete algorithms},
  pages={185--194},
  year={1999},
  organization={Society for Industrial and Applied Mathematics}
}

@inproceedings{W11cvm,
  title={Consolidating virtual machines with dynamic bandwidth demand in data centers},
  author={Wang, Meng and Meng, Xiaoqiao and Zhang, Li},
  booktitle={Proceedings of the IEEE INFOCOM},
  pages={71--75},
  year={2011},
  organization={IEEE}
}

@article{G08tco,
  title={The cost of a cloud: research problems in data center networks},
  author={Greenberg, Albert and Hamilton, James and Maltz, David A and Patel, Parveen},
  journal={ACM SIGCOMM computer communication review},
  volume={39},
  number={1},
  pages={68--73},
  year={2008},
  publisher={ACM}
}

@inproceedings{J12epn,
  title={{EyeQ: Practical network performance isolation for the multi-tenant cloud}},
  author={Jeyakumar, Vimalkumar and Alizadeh, Mohammad and Mazieres, David and Prabhakar, Balaji and Kim, Changhoon and Azure, Windows},
  booktitle={Proceedings of the 4th USENIX conference on Hot Topics in Cloud Computing},
  pages={8--8},
  year={2012}
  }
  
@inproceedings{G13dio,
  title={Design and implementation of a framework for software-defined middlebox networking},
  author={Gember, Aaron and Grandl, Robert and Khalid, Junaid and Akella, Aditya},
  booktitle={Proceedings of the ACM SIGCOMM},
  pages={467--468},
  year={2013},
  organization={ACM}
}

@inproceedings{NFV,
  title={{Network Functions Virtualisation.}},
  author={\protect{ISG web portal}},
  booktitle={http://portal.etsi.org/portal/server.pt/community/NFV/367},
  year={2013}
}

@inproceedings{CloudNFV,
  title={{CloudNFV}},
  booktitle={http://www.cloudnfv.com/},
  year={2015}
}

@inproceedings{HuaweiNFV,
  title={{Huawei NFV Open Lab}},
  booktitle={http://pr.huawei.com/en/news},
	year={2015}
}

@inproceedings{nfv_challenges, 
  title={{Network function virtualization: State-of-the-art and research challenges}},
  author={Mijumbi, Rashid and Serrat, Joan and Gorricho, Juan-Luis and Bouten, Niels and De Turck, Filip and Boutaba, Raouf},
  booktitle={IEEE Communications Surveys \& Tutorials},
  volume={18},
  number={1},
  pages={236--262},
  year={2016},
  publisher={IEEE}
}

@inproceedings{M14sap,
  title={Specifying and placing chains of virtual network functions},
  author={Mehraghdam, Sevil and Keller, Matthias and Karl, Holger},
  booktitle={IEEE  International Conference on Cloud Networking},
  pages={7-13},
  year={2014},
}

@inproceedings{Y15NFV, 
title={Network function virtualization in the multi-tenant cloud},
  author={Yu, Ruozhou and Xue, Guoliang and Kilari, V. T and Zhang, Xiang},
  booktitle={IEEE Network},
  volume={29},
  number={3},
  pages={42-47},
  year={2015},
}

@inproceedings{ClickOS,
  title={ClickOS and the art of network function virtualization},
  author={Martins, Joao and Ahmed, Mohamed and Raiciu, Costin and Olteanu, Vladimir and Honda, Michio and Bifulco, Roberto and Huici, Felipe},
  booktitle={Proceedings of the USENIX NSDI},
  pages={459-473},
  year={2014},
  organization={USENIX Association}
}

@article{sriov,
  title={\protect{PCI-SIG SR-IOV}}, 
	journal={$http://www.pcisig.com/iov/single_root/$}
}

@article{stratos12,
    author={A. Gember and A. Akella and A. Anand and T. Benson and
    R. Grandl},
    title={{Stratos: Virtual middleboxes as first-class entities}}, 
	journal={Tech. Rep. TR1771, University of Wisconsin-Madison, 2012},
	year = {2012}
}

@article{williamson2010has,
  title={{Has amazon EC2 become over subscribed}},
  author={Williamson, Alan},
  journal={http://alan.blog-city.com/has amazon ec2 become over subscribed.htm},
  year={2010}
}

@inproceedings{cloudmirror,
  title={Application-driven bandwidth guarantees in datacenters},
  author={Lee, Jeongkeun and Turner, Yoshio and Lee, Myungjin and Popa, Lucian and Banerjee, Sujata and Kang, Joon-Myung and Sharma, Puneet},
  booktitle={Proceedings of the ACM SIGCOMM},
  pages={467--478},
  year={2014},
  organization={ACM}
}

@inproceedings{dctcp,
  title={{Data center TCP (DCTCP)}},
  author={Alizadeh, Mohammad and Greenberg, Albert and Maltz, David A. and Padhye, Jitendra and Patel, Parveen and Prabhakar, Balaji and Sengupta, Sudipta and Sridharan, Murari},
  booktitle={Proceedings of the ACM SIGCOMM},
  pages={63-74},
  year={2010},
  organization={ACM}
}



@inproceedings{duet,
  title={{Duet: Cloud scale load balancing with hardware and software}},
  author={Gandhi, Rohan and Liu, Hongqiang Harry and Hu, Y Charlie and Lu, Guohan and Padhye, Jitendra and Yuan, Lihua and Zhang, Ming},
  booktitle={Proceedings of the ACM SIGCOMM},
  pages={27--38},
  year={2014},
  organization={ACM}
}

@article{fischer2013virtual,
  title={{Virtual network embedding: A survey}},
  author={Fischer, Andreas and Botero, Juan Felipe and Beck, Michael Till and De Meer, Hermann and Hesselbach, Xavier},
  journal={IEEE Communications Surveys \& Tutorials},
  volume={15},
  number={4},
  pages={1888--1906},
  year={2013},
  publisher={IEEE}
}

@inproceedings{cohen2015near,
  title={Near optimal placement of virtual network functions},
  author={Cohen, Rami and Lewin-Eytan, Liane and Naor, Joseph Seffi and Raz, Danny},
  booktitle={Proceedings of the IEEE INFOCOM},
  pages={1346--1354},
  year={2015},
  organization={}
}

@inproceedings{seawall,
  title={Sharing the data center network},
  author={Shieh, Alan and Saha, Bikas and Saha, Bikas and Saha, Bikas and Saha, Bikas},
  booktitle={Proceedings of the USENIX NSDI},
  pages={309-322},
  year={2011},
  organization={USENIX Association}
}

@inproceedings{elasticswitch,
  title={{Elasticswitch: Practical work-conserving bandwidth guarantees for cloud computing}},
  author={Popa, Lucian and Yalagandula, Praveen and Banerjee, Sujata and Mogul, Jeffrey C and Turner, Yoshio and Santos, Jose Renato},
  booktitle={ACM SIGCOMM Computer Communication Review},
  volume={43},
  number={4},
  pages={351--362},
  year={2013},
  publisher={ACM}
}

@inproceedings{hose_model,
  title={A flexible model for resource management in virtual private networks},
  author={Duffield, Nick G and Goyal, Pawan and Greenberg, Albert and Mishra, Partho and Ramakrishnan, Kadangode K and van der Merive, Jacobus E},
  booktitle={ACM SIGCOMM Computer Communication Review},
  volume={29},
  number={4},
  pages={95--108},
  year={1999},
  organization={ACM}
}

@inproceedings{
  zhang2016burstiness,
  title={Burstiness-aware resource reservation for server consolidation in computing clouds},
  author={Zhang, Sheng and Qian, Zhuzhong and Luo, Zhaoyi and Wu, Jie and Lu, Sanglu},
  booktitle={IEEE Transactions on Parallel and Distributed Systems},
  volume={27},
  number={4},
  pages={964--977},
  year={2016},
  publisher={IEEE}
}

@inproceedings{benzekki2016software,
  title={Software-defined networking ({SDN}): a survey},
  author={Benzekki, Kamal and El Fergougui, Abdeslam and Elbelrhiti Elalaoui, Abdelbaki},
  booktitle={Security and Communication Networks},
  volume={9},
  number={18},
  pages={5803--5833},
  year={2016},
  publisher={Wiley Online Library}
}

@inproceedings{al2008scalable,
  title={A scalable, commodity data center network architecture},
  author={Al-Fares, Mohammad and Loukissas, Alexander and Vahdat, Amin},
  booktitle={ACM SIGCOMM Computer Communication Review},
  volume={38},
  number={4},
  pages={63--74},
  year={2008},
  organization={ACM}
}

@inproceedings{qazi2013simple,
  title={SIMPLE-fying middlebox policy enforcement using {SDN}},
  author={Qazi, Zafar Ayyub and Tu, Cheng-Chun and Chiang, Luis and Miao, Rui and Sekar, Vyas and Yu, Minlan},
  booktitle={ACM SIGCOMM computer communication review},
  volume={43},
  number={4},
  pages={27--38},
  year={2013},
  publisher={ACM}
}

@inproceedings{anwer2013slick,
  title={A slick control plane for network middleboxes},
  author={Anwer, Bilal and Benson, Theophilus and Feamster, Nick and Levin, Dave and Rexford, Jennifer},
  booktitle={Proceedings of the second ACM SIGCOMM workshop on Hot topics in software defined networking},
  pages={147--148},
  year={2013},
  organization={ACM}
}

@inproceedings{gember2014opennf,
  title={{OpenNF: Enabling innovation in network function control}},
  author={Gember-Jacobson, Aaron and Viswanathan, Raajay and Prakash, Chaithan and Grandl, Robert and Khalid, Junaid and Das, Sourav and Akella, Aditya},
  booktitle={ACM SIGCOMM Computer Communication Review},
  volume={44},
  number={4},
  pages={163--174},
  year={2014},
  organization={ACM}
}